@article{ahmed_smart-anomaly-detection_2023,
 author = {Ahmed, Imran and Ahmad, Misbah and Chehri, Abdellah and Jeon, Gwanggil},
 journal = {Micromachines},
 number = {1},
 pages = {154},
 title = {A {Smart}-{Anomaly}-{Detection} {System} for {Industrial} {Machines} {Based} on {Feature} {Autoencoder} and {Deep} {Learning}},
 volume = {14},
 year = {2023}
}

@inproceedings{akcay_ganomaly_2018,
 address = {Cham},
 author = {Akcay, Samet and Atapour-Abarghouei, Amir and Breckon, Toby P.},
 booktitle = {the 14th {Asian} {Conference} on {Computer} {Vision} ({ACCV})},
 pages = {622--637},
 publisher = {Springer International Publishing},
 title = {{GANomaly}: {Semi}-supervised {Anomaly} {Detection} via {Adversarial} {Training}},
 year = {2018}
}

@online{mfpt,
 author = {Bechhoefer, Eric},
 year = {2012},
 title = {Condition {Based} {Maintenance} {Fault} {Database} for {Testing} of {Diagnostic} and {Prognostics} {Algorithms}},
 url = {https://www.mfpt.org/fault-data-sets/},
 urldate = {2024-02-28}
}

@article{bergstra_random_2012,
 author = {Bergstra, James and Bengio, Yoshua},
 journal = {Journal of Machine Learning Research},
 pages = {281--305},
 title = {Random search for hyper-parameter optimization},
 volume = {13},
 year = {2012}
}

@inproceedings{sharma_bearing_2018,
 author = {Sharma, Amandeep and Jigyasu, Rajvardhan and Mathew, Lini and Chatterji, Shantanu},
 booktitle = {2018 2nd {International} {Conference} on {Trends} in {Electronics} and {Informatics} ({ICOEI})},
 pages = {1132--1137},
 title = {Bearing {Fault} {Diagnosis} {Using} {Weighted} {K}-{Nearest} {Neighbor}},
 year = {2018}
}

@book{sinha_vibration_2015,
 address = {NW, USA},
 author = {Sinha, Jyoti Kumar},
 edition = {1},
 publisher = {CRC Press},
 title = {Vibration {Analysis}, {Instruments}, and {Signal} {Processing}},
 year = {2015}
}

@koarticle{lee_embedded_2023,
 author = {이민하 and 이성재 and 김태현},
 journal = {대한임베디드공학회논문지},
 pages = {89--100},
 title = {임베디드 엣지 플랫폼에서의 경량 비전 트랜스포머 성능 평가},
 volume = {18},
 number = {3},
 year = {2023},
 presort = {ko}
}

@koarticle{an_canopen_2017,
 author = {안효성 and 김태현},
 journal = {대한기계학회논문집 A},
 pages = {533--541},
 title = {CANopen 표준 기반 멀티 엔코더 관리 시스템의 구현},
 volume = {41},
 number = {6},
 year = {2017},
presort = {ko}
}

@koinproceedings{park_image_2024,
 author = {박종영 and 이성재 and 조인제 and 서재용 and 김태현 and 이수일},
 booktitle = {2024년도 한국소음진동공학회 추계학술대회 초록집},
 pages = {117},
 title = {이미지 확대를 통한 미소 변위 모니터링},
 year = {2024},
presort = {ko}
}

@kobook{kang_easy,
 address = {서울},
 author = {강인혜},
 edition = {1},
 publisher = {숲이야기},
 title = {쉽게 배우는 정형명세언어},
 year = {2018},
presort = {ko}
}